@comment{Auto-generated file}
@misc{nhblx@name@1, author = { {Ribeiro, Ant\^onio H.}, {Ribeiro, Ant\^onio H}, {Ribeiro, Antonio H.}, {Ribeiro, Antonio H} },options = {dataonly=true,skipbib=true,skipbiblist=true},}
