@comment{Auto-generated file}

@misc{nhblx@name@1, author = {Ribeiro, Ant\^onio H.},options = {dataonly=true},}
@misc{nhblx@name@2, author = {Ribeiro, Ant\^onio H},options = {dataonly=true},}
@misc{nhblx@name@3, author = {Ribeiro, Antonio H.},options = {dataonly=true},}
@misc{nhblx@name@4, author = {Ribeiro, Antonio H },options = {dataonly=true},}
